@article{IMOfacts,
    author  = {{International Maritime Organisation}},
    title   = {International Shipping Facts and Figures – Information Resources on Trade, Safety, Security, Environment},
    year    = {2012},
    urldate = {2017-05-07},
    url = {http://www.imo.org/en/KnowledgeCentre/ShipsAndShippingFactsAndFigures/TheRoleandImportanceofInternationalShipping/Documents/International%20Shipping%20-%20Facts%20and%20Figures.pdf}
}
@article{5trends,
    author  = {IHS},
    title   = {Five trends shaping the global maritime industry},
    year    = {2015},
    urldate = {2017-05-07},
    url = {https://www.ihs.com/pdf/Global-Trends-Impacting-the-Maritime-Industry_235788110915583632.pdf}
}
@online{c2c,
  author = {Will Knight},
  title = {Car-to-Car Communication},
  year =2015,
  url = {https://www.technologyreview.com/s/534981/car-to-car-communication/},
  urldate = {2017-05-07}
}

@online{autoboats,
  author = {Oliver Mitchell},
  title = {Autonomous Boats By 2020},
  year = 2017,
  url = {https://hackernoon.com/autonomous-boats-by-2020-7929a0d9010f},
  urldate = {2017-05-07}
}

@online{ftarticle,
  author = {FT},
  title = {Shipping’s size obsession could be ending, study finds},
  year =2016,
  url = {https://www.ft.com/content/255d9394-e47a-11e5-a09b-1f8b0d268c39},
  urldate = {2017-05-07}
}

@article{eureport,
    author  = {ESPAS},
    title   = {Global Trends to 2030: Can the EU meet the challenges ahead?},
    year    = {2015},
    urldate = {2017-05-07},
    url = {http://ec.europa.eu/epsc/sites/epsc/files/espas-report-2015.pdf}
}

@online{globalCrisis,
  author = {Alan Tovey},
  title = {Global shipping crisis deepens as cargo line NYK takes multi-billion yen hit},
  year =2016,
  url = {http://www.telegraph.co.uk/business/2016/10/07/global-shipping-crisis-deepens-as-cargo-line-nyk-takes-multi-bil/},
  urldate = {2017-05-07}
}

@online{sizematters,
  author = {ABB},
  title = {Maritime cargo vessels -- Is bigger better?},
  year =2016,
  url = {http://new.abb.com/turbocharging/maritime-cargo-vessels---is-bigger-better},
  urldate = {2017-05-07}
}

@article{hannay2009effectiveness,
  title={The effectiveness of pair programming: A meta-analysis},
  author={Hannay, Jo E and Dyb{\aa}, Tore and Arisholm, Erik and Sj{\o}berg, Dag IK},
  journal={Information and Software Technology},
  volume={51},
  number={7},
  pages={1110--1122},
  year={2009},
  publisher={Elsevier}
}

@inproceedings{hartmann2006appropriate,
  title={Appropriate agile measurement: using metrics and diagnostics to deliver business value},
  author={Hartmann, Deborah and Dymond, Robin},
  booktitle={Agile Conference, 2006},
  pages={6--pp},
  year={2006},
  organization={IEEE}
}

@online{prowarenessagile,
  author = {ProWareNess},
  title = {Agile Metrics: Let the Numbers Tell the Tale},
  url = {http://www.scrum.nl/media/Agile_Metrics/$FILE/whitepaper_agile_metrics.pdf},
  urldate = {2017-05-07}
}

@inproceedings{greening2015agile,
  title={Agile Enterprise Metrics},
  author={Greening, Daniel R},
  booktitle={48th Hawaii International Conference on System Sciences (HICSS)},
  pages={5038--5044},
  year={2015},
  organization={IEEE}
}

@book{davis2015agile,
  title={Agile metrics in action},
  author={Davis, Christopher WH},
  year={2015},
  publisher={Manning Publications,}
}

@Inbook{Mathijssen2007,
author="Mathijssen, Aad
and Pretorius, A. Johannes",
editor="Brim, Lubo{\v{s}}
and Haverkort, Boudewijn
and Leucker, Martin
and van de Pol, Jaco",
title="Verified Design of an Automated Parking Garage",
bookTitle="Formal Methods: Applications and Technology: 11th International Workshop, FMICS 2006 and 5th International Workshop PDMC 2006, Bonn, Germany, August 26-27, and August 31, 2006, Revised Selected Papers",
year="2007",
publisher="Springer Berlin Heidelberg",
address="Berlin, Heidelberg",
pages="165--180",
}