@article{IMOfacts,
    author  = {{International Maritime Organisation}},
    title   = {International Shipping Facts and Figures – Information Resources on Trade, Safety, Security, Environment},
    year    = {2012},
    urldate = {2017-05-07},
    url = {http://www.imo.org/en/KnowledgeCentre/ShipsAndShippingFactsAndFigures/TheRoleandImportanceofInternationalShipping/Documents/International%20Shipping%20-%20Facts%20and%20Figures.pdf}
}
@article{BluePlanet,
    author  = {{OECD Publishing}},
    title   = {The Ocean Economy in 2030},
    year    = {2016},
    urldate = {2017-05-30},
    url = {http://geoblueplanet.com/wp-content/uploads/2016/05/OECD-ocean-economy.pdf}
}

@online{EUReduceEmission,
  author = {{European Commission}},
  title = {Reducing emissions from the shipping sector},
  year =2017
  url = {https://ec.europa.eu/clima/policies/transport/shipping_en},
  urldate = {2017-05-31}
}

@online{LargestShipping,
  author = {Alphaliner},
  title = {Alphaliner - TOP 100},
  year =2017,
  url = {http://www.alphaliner.com/top100/},
  urldate = {2017-05-30}
}
@online{MaerskMoney,
  author = {Peter T. Leach},
  title = {How is Maersk making money?},
  year =2014,
  url = {http://www.joc.com/maritime-news/container-lines/how-maersk-making-money_20140908.html
},
  urldate = {2017-05-30}
}

@article{5trends,
    author  = {IHS},
    title   = {Five trends shaping the global maritime industry},
    year    = {2015},
    urldate = {2017-05-07},
    url = {https://www.ihs.com/pdf/Global-Trends-Impacting-the-Maritime-Industry_235788110915583632.pdf}
}
@article{ConservativeManifesto,
    author  = {{Conservative Party}},
    title   = {THE CONSERVATIVE AND UNIONIST PARTY MANIFESTO 2017},
    year    = {2017},
    urldate = {2017-05-30},
    url = {https://www.conservatives.com/manifesto}
}
@online{ContainerRates,
  author = {MoverDB},
  title = {2017 International Container Shipping Rates and Costs},
  year =2017,
  url = {https://moverdb.com/container-shipping/},
  urldate = {2017-05-30}
}
@online{DailyOperatingCostsShips,
  author = {{The Geography of Transport Systems}},
  title = {Daily Operating Expenses for Containerships per TEU},
  year =2017,
  url = {https://people.hofstra.edu/geotrans/eng/ch7en/conc7en/daily_operating_costs_teu.html},
  urldate = {2017-05-30}
}
@online{DailyOperatingCostsOilRig,
  author = {IHS},
  title = {IHS Petrodata Offshore Rig Day Rate Trends},
  year =2017,
  url = {https://www.ihs.com/products/oil-gas-drilling-rigs-offshore-day-rates.html},
  urldate = {2017-05-30}
}

@online{SOS,
  author = {{Save Our Seafarers}},
  title = {The cost of piracy},
  year =2017,
  url = {http://www.saveourseafarers.com/the-cost-of-piracy.html},
  urldate = {2017-05-30}
}

@online{ftarticle,
  author = {FT},
  title = {Shipping’s size obsession could be ending, study finds},
  year =2016,
  url = {https://www.ft.com/content/255d9394-e47a-11e5-a09b-1f8b0d268c39},
  urldate = {2017-05-07}
}

@article{eureport,
    author  = {ESPAS},
    title   = {Global Trends to 2030: Can the EU meet the challenges ahead?},
    year    = {2015},
    urldate = {2017-05-07},
    url = {http://ec.europa.eu/epsc/sites/epsc/files/espas-report-2015.pdf}
}

@online{globalCrisis,
  author = {Alan Tovey},
  title = {Global shipping crisis deepens as cargo line NYK takes multi-billion yen hit},
  year =2016,
  url = {http://www.telegraph.co.uk/business/2016/10/07/global-shipping-crisis-deepens-as-cargo-line-nyk-takes-multi-bil/},
  urldate = {2017-05-07}
}
@online{autoboats,
  author = {Oliver Mitchell},
  title = {Autonomous Boats By 2020},
  year =2017,
  url = {https://hackernoon.com/autonomous-boats-by-2020-7929a0d9010f},
  urldate = {2017-05-07}
}
@online{sizematters,
  author = {ABB},
  title = {Maritime cargo vessels -- Is bigger better?},
  year =2016,
  url = {http://new.abb.com/turbocharging/maritime-cargo-vessels---is-bigger-better},
  urldate = {2017-05-07}
}


@online{TroubledWaters,
    author  = {Akrur Barua, Anshu Mittal},
    publisher = {Deloitte University Press},
    title   = {Shipping: Sailing in troubled waters, Global Economic Outlook, Q1 2017},
    year    = 2017,
    urldate = {2017-05-31},
    url = {https://dupress.deloitte.com/dup-us-en/economy/global-economic-outlook/2017/shipping-industry-crisis.html}
}

@online{MaerskRigs,
    author  = {Maersk},
    title   = {The World's Biggest Jack-up Rig},
    year    =  2017,
    urldate = {2017-05-28},
    url = {http://maersk.com/en/hardware/xle-rigs}
}

@online{forsale,
    author  = {Shipned},
    title   = {SMALL CARGO SHIPS FOR SALE},
    year    = 2017,
    urldate = {2017-05-28},
    url = {http://www.shipned.com/shiptrader/small-cargo-ships-for-sale.php}
}

@misc{atag, 
	title={{Facts \& Figures -- Air Transport Action Group (ATAG)}}, 
	url={http://www.atag.org/facts-and-figures.html}, 
	journal={Facts \& FIGURES - Air Transport Action Group (ATAG)}}

@misc{eu-shipping, title={Reducing emissions from the shipping sector | Climate Action}, url={https://ec.europa.eu/clima/policies/transport/shipping_en}, journal={European Comission Actions}}

@article {oecd,
		author = "OECD",
		title = "The Ocean Economy in 2030",
		url = "/content/book/9789264251724-en",
		doi = "http://dx.doi.org/10.1787/9789264251724-en"
		publisher = "OECD Publishing"
}	